


@book{Blekherman:Parrilo:Thomas,
    AUTHOR = {G.~Blekherman and P.A.~Parrilo and R.R.~Thomas},
     TITLE = {Semidefinite Optimization and Convex Algebraic Geometry},
    SERIES = {MOS-SIAM Series on Optimization},
    VOLUME = {13},
 PUBLISHER = {SIAM and the Mathematical Optimization Society},
   ADDRESS = {Philadelphia},
      YEAR = {2013}
}


@Book{golub1996matrix,
  AUTHOR = {Golub, Gene},
  TITLE = {Matrix computations},
  PUBLISHER = {Johns Hopkins University Press},
  YEAR = {1996},
  ADDRESS = {Baltimore},
  ISBN = {9780801854149}
 }

@incollection {Laurent:Survey,
    AUTHOR = {M.~Laurent},
     TITLE = {Sums of squares, moment matrices and optimization over polynomials},
 BOOKTITLE = {Emerging applications of algebraic geometry},
    SERIES = {IMA Vol. Math. Appl.},
    VOLUME = {149},
     PAGES = {157--270},
 PUBLISHER = {Springer},
   ADDRESS = {New York},
      YEAR = {2009}
}

@book{Cheney:Kincaid,
  TITLE={Numerical Mathematics and Computing},
  AUTHOR={Cheney, E. and Kincaid, D.},
  ISBN={9780495114758},
  LCCN={2007922553},
  SERIES={International student edition},
  URL={https://books.google.com/books?id=ZUfVZELlrMEC},
  YEAR={2007},
  PUBLISHER={Cengage Learning}
}

@misc{Schulze,
	author = {C.~Schulze},
	title = {Schm\"udgen's theorem and results of positivity},
	year = {2014},
	note = "Preprint, {\sf arXiv:1411.4446}"
}


@misc{Recher:Masterthesis,
	author = {M.~Recher},
	title = {Zur numerischen {A}uswirkung von {B}asiswahlen in der polynomiellen
	{O}ptimierung},
	institution = {Universität zu Köln},
	note = {Master Thesis, Universität zu Köln},
	year = {2014},
}

